@online{rgnn,
	author = {Facundo Bre and Juan M. Gimenez and VÃ­ctor D. Fachinotti},
	title = {Prediction of wind pressure coefficients on building surfaces using Artificial Neural Networks},
	year = {2017},
	month = {11},
	url = {https://www.researchgate.net/figure/Artificial-neural-network-architecture-ANN-i-h-1-h-2-h-n-o_fig1_321259051}
}


@book{learnnmemory,
	author = {John H.Byrne and Kevin S.LaBar and Joseph E.LeDoux and Glenn E.Schafe and Richard F.Thompson},
	title = {From Molecules to Networks},
	edition = {3},
	year = {2014},
	publisher = {Academic Press},
	address = {UK},
	chapter = {Learning and memory: basic mechanisms},
	doi:{10.1016/B978-0-12-397179-1.00020-8}
}

@book{hebb,
	author = {D.O. Hebb},
	title = {The Organization of Behavior},
	year = {1949},
	publisher = {Wiley},
	address = {New York},
	doi:{10.1016/s0361-9230(99)00182-3}
}

